@article{DeconinckSwierczewski13,
title = {Computing {R}iemann theta functions in {S}age with applications },
journal = {Mathematics and Computers in Simulation},
year = {2013},
issn = {0378-4754},
doi = {http://dx.doi.org/10.1016/j.matcom.2013.04.018},
url = {http://www.sciencedirect.com/science/article/pii/S0378475413000888},
note = {http://www.sciencedirect.com/science/article/pii/S0378475413000888},
author = {Swierczewski, C. and Deconinck, B.},
}

@article {FinkelSegur85,
    AUTHOR = {Segur, H. and Finkel, A.},
     TITLE = {An analytical model of periodic waves in shallow water},
   JOURNAL = {Stud. Appl. Math.},
  FJOURNAL = {Studies in Applied Mathematics},
    VOLUME = {73},
      YEAR = {1985},
    NUMBER = {3},
     PAGES = {183--220},
      ISSN = {0022-2526},
     CODEN = {SAPMB6},
   MRCLASS = {76B25 (14K25 35Q20)},
  MRNUMBER = {818729 (87g:76026)},
MRREVIEWER = {Amy Cohen},
}

@misc{abelfunctions,
  author={C. Swierczewski},
  title={{A}belfunctions: {A} library for computing with {A}belian
         functions, {R}iemann surfaces, and algebraic curves.},
  year={2015},
  note={http://abelfunctions.cswiercz.info},
}

@manual{sage,
  Key          = {Sage},
  Author       = {W. Stein and others},
  Organization = {The Sage Development Team},
  Title        = {{S}age {M}athematics {S}oftware ({V}ersion 4.6.2)},
  note         = {{\tt http://www.sagemath.org}},
  Year         = {2011},
}


@article {guardia,
    AUTHOR = {Gu{\`a}rdia, J.},
     TITLE = {On the {T}orelli problem and {J}acobian {N}ullwerte in genus
              three},
   JOURNAL = {Michigan Math. J.},
  FJOURNAL = {Michigan Mathematical Journal},
    VOLUME = {60},
      YEAR = {2011},
    NUMBER = {1},
     PAGES = {51--65},
      ISSN = {0026-2285},
   MRCLASS = {14C34 (14K25)},
  MRNUMBER = {2785863 (2012g:14007)},
MRREVIEWER = {C. A. M. Peters},
       DOI = {10.1307/mmj/1301586303},
       URL = {http://dx.doi.org/10.1307/mmj/1301586303},
}

@book {bliss,
    AUTHOR = {Bliss, G. A.},
     TITLE = {Algebraic functions},
 PUBLISHER = {Dover Publications, Inc., New York},
      YEAR = {1966},
     PAGES = {ix+218},
   MRCLASS = {14.35 (30.79)},
  MRNUMBER = {0203007 (34 \#2866)},
}

@incollection {Igusa69,
    AUTHOR = {Igusa, J.},
     TITLE = {Geometric and analytic methods in the theory of
              theta-functions},
 BOOKTITLE = {Algebraic {G}eometry ({I}nternat. {C}olloq., {T}ata {I}nst.
              {F}und. {R}es., {B}ombay, 1968)},
     PAGES = {241--253},
 PUBLISHER = {Oxford Univ. Press, London},
      YEAR = {1969},
   MRCLASS = {14.51 (10.00)},
  MRNUMBER = {0271117 (42 \#6000)},
MRREVIEWER = {H. H. Martens},
}


@incollection {NIST:DLMF,
    AUTHOR = {Deconinck, B.},
     TITLE = {Multidimensional theta functions},
 BOOKTITLE = {N{IST} handbook of mathematical functions},
     PAGES = {537--547},
 PUBLISHER = {U.S. Dept. Commerce, Washington, DC},
      YEAR = {2010},
   MRCLASS = {33E05 (14K25 33F05)},
  MRNUMBER = {2655361},
}

@article{Plucker34,
  author  = {J. Plucker},
  title   = {Solution d'une question fondamentale concernant theorie generale des courbes},
  year    = {1834},
  journal = {J. Reigne. Agnew. Math.},
  volume  = {12},
  pages   = {105--108},
}

@book{Bezout1779,
  author  = {E. B{\'e}zout},
  title   = {Th\'{e}orie g\'{e}n\'{e}rale des \'{e}quations alg\'{e}briques},
  year    = {1779},
  publisher = {Ph.D. Pierres},
  address   = {University of Lausanne},
}

@article {Dubrovin81,
    AUTHOR = {Dubrovin, B. A.},
     TITLE = {Theta-functions and nonlinear equations},
      NOTE = {With an appendix by I. M. Krichever},
   JOURNAL = {Uspekhi Mat. Nauk},
  FJOURNAL = {Akademiya Nauk SSSR i Moskovskoe Matematicheskoe Obshchestvo.
              Uspekhi Matematicheskikh Nauk},
    VOLUME = {36},
      YEAR = {1981},
    NUMBER = {2(218)},
     PAGES = {11--80},
      ISSN = {0042-1316},
   MRCLASS = {35Q20 (14K25 58F07)},
  MRNUMBER = {616797 (83i:35149)},
MRREVIEWER = {Alexander A. Pankov},
}


@article {DFS97,
    AUTHOR = {Dubrovin, B. A. and Flickinger, R. and Segur, H.},
     TITLE = {Three-phase solutions of the {K}adomtsev-{P}etviashvili
              equation},
   JOURNAL = {Stud. Appl. Math.},
  FJOURNAL = {Studies in Applied Mathematics},
    VOLUME = {99},
      YEAR = {1997},
    NUMBER = {2},
     PAGES = {137--203},
      ISSN = {0022-2526},
   MRCLASS = {35Q53 (58F07)},
  MRNUMBER = {1458597 (98m:35179)},
MRREVIEWER = {Manuel Ma{\~n}as},
       DOI = {10.1111/1467-9590.00059},
       URL = {http://dx.doi.org/10.1111/1467-9590.00059},
}

@article {PSV11,
    AUTHOR = {Plaumann, D. and Sturmfels, B. and Vinzant, C.},
     TITLE = {Quartic curves and their bitangents},
   JOURNAL = {J. Symbolic Comput.},
  FJOURNAL = {Journal of Symbolic Computation},
    VOLUME = {46},
      YEAR = {2011},
    NUMBER = {6},
     PAGES = {712--733},
      ISSN = {0747-7171},
   MRCLASS = {14H50 (14N05)},
  MRNUMBER = {2781949 (2012e:14065)},
MRREVIEWER = {Kei Miura},
       DOI = {10.1016/j.jsc.2011.01.007},
       URL = {http://dx.doi.org/10.1016/j.jsc.2011.01.007},
}

@incollection {PSV12,
    AUTHOR = {Plaumann, D. and Sturmfels, B. and Vinzant, C.},
     TITLE = {Computing linear matrix representations of {H}elton-{V}innikov
              curves},
 BOOKTITLE = {Mathematical methods in systems, optimization, and control},
    SERIES = {Oper. Theory Adv. Appl.},
    VOLUME = {222},
     PAGES = {259--277},
 PUBLISHER = {Birkh\"auser/Springer Basel AG, Basel},
      YEAR = {2012},
   MRCLASS = {14Q05 (14K25)},
  MRNUMBER = {2962788},
MRREVIEWER = {Ahmed Lesfari},
       DOI = {10.1007/978-3-0348-0411-0_19},
       URL = {http://dx.doi.org/10.1007/978-3-0348-0411-0_19},
}         

@incollection {DeconinckPatterson11,
    AUTHOR = {Deconinck, B. and Patterson, M. S.},
     TITLE = {Computing with plane algebraic curves and {R}iemann surfaces:
              the algorithms of the {M}aple package ``algcurves''},
 BOOKTITLE = {Computational approach to {R}iemann surfaces},
    SERIES = {Lecture Notes in Math.},
    VOLUME = {2013},
     PAGES = {67--123},
 PUBLISHER = {Springer, Heidelberg},
      YEAR = {2011},
   MRCLASS = {14H55 (14-04 30F10)},
  MRNUMBER = {2905611},
MRREVIEWER = {Margherita Guida},
       DOI = {10.1007/978-3-642-17413-1_2},
       URL = {http://dx.doi.org/10.1007/978-3-642-17413-1_2},
}

@article {DeconinckPatterson08,
    AUTHOR = {Deconinck, B. and Patterson, M. S.},
     TITLE = {Computing the {A}bel map},
   JOURNAL = {Phys. D},
  FJOURNAL = {Physica D. Nonlinear Phenomena},
    VOLUME = {237},
      YEAR = {2008},
    NUMBER = {24},
     PAGES = {3214--3232},
      ISSN = {0167-2789},
     CODEN = {PDNPDT},
   MRCLASS = {37K20 (14H40 14H70 35Q53)},
  MRNUMBER = {2477016 (2010d:37139)},
MRREVIEWER = {Tetsuya Taniguchi},
       DOI = {10.1016/j.physd.2008.08.007},
       URL = {http://dx.doi.org/10.1016/j.physd.2008.08.007},
}

@incollection {BobenkoKlein11,
    AUTHOR = {Bobenko, A. I.},
     TITLE = {Introduction to compact {R}iemann surfaces},
 BOOKTITLE = {Computational approach to {R}iemann surfaces},
    SERIES = {Lecture Notes in Math.},
    VOLUME = {2013},
     PAGES = {3--64},
 PUBLISHER = {Springer, Heidelberg},
      YEAR = {2011},
   MRCLASS = {30F10},
  MRNUMBER = {2905610},
       DOI = {10.1007/978-3-642-17413-1_1},
       URL = {http://dx.doi.org/10.1007/978-3-642-17413-1_1},
}


@article {Bobenko88,
    AUTHOR = {Bobenko, A. I.},
     TITLE = {Schottky uniformization and finite-gap integration},
   JOURNAL = {Dokl. Akad. Nauk SSSR},
  FJOURNAL = {Doklady Akademii Nauk SSSR},
    VOLUME = {295},
      YEAR = {1987},
    NUMBER = {2},
     PAGES = {268--272},
      ISSN = {0002-3264},
   MRCLASS = {58F07 (32G15 35Q20)},
  MRNUMBER = {902679 (88m:58075)},
MRREVIEWER = {Alexander A. Pankov},
}

@article {FrauendienerKlein15,
    AUTHOR = {Frauendiener, J. and Klein, C.},
     TITLE = {Computational {A}pproach to {H}yperelliptic {R}iemann
              {S}urfaces},
   JOURNAL = {Lett. Math. Phys.},
  FJOURNAL = {Letters in Mathematical Physics},
    VOLUME = {105},
      YEAR = {2015},
    NUMBER = {3},
     PAGES = {379--400},
      ISSN = {0377-9017},
   MRCLASS = {14Q05 (14H10 14H45 14H70)},
  MRNUMBER = {3312511},
       DOI = {10.1007/s11005-015-0743-4},
       URL = {http://dx.doi.org/10.1007/s11005-015-0743-4},
}

@article {FrauendienerKlein06,
    AUTHOR = {Frauendiener, J. and Klein, C.},
     TITLE = {Hyperelliptic theta-functions and spectral methods: {K}d{V}
              and {KP} solutions},
   JOURNAL = {Lett. Math. Phys.},
  FJOURNAL = {Letters in Mathematical Physics. A Journal for the Rapid
              Dissemination of Short Contributions in the Field of
              Mathematical Physics},
    VOLUME = {76},
      YEAR = {2006},
    NUMBER = {2-3},
     PAGES = {249--267},
      ISSN = {0377-9017},
     CODEN = {LMPHDY},
   MRCLASS = {14H42 (14H70 35Q53 37K20 65D20 65N35)},
  MRNUMBER = {2238720 (2007f:14027)},
MRREVIEWER = {Simonetta Abenda},
       DOI = {10.1007/s11005-006-0068-4},
       URL = {http://dx.doi.org/10.1007/s11005-006-0068-4},
}

@incollection {FK11,
    AUTHOR = {Frauendiener, J. and Klein, C.},
     TITLE = {Algebraic curves and {R}iemann surfaces in {M}atlab},
 BOOKTITLE = {Computational approach to {R}iemann surfaces},
    SERIES = {Lecture Notes in Math.},
    VOLUME = {2013},
     PAGES = {125--162},
 PUBLISHER = {Springer, Heidelberg},
      YEAR = {2011},
   MRCLASS = {14Q05 (14Q20 30F10 68Q25)},
  MRNUMBER = {2920501},
MRREVIEWER = {Juan Gerardo Alcazar Arribas},
       DOI = {10.1007/978-3-642-17413-1_3},
       URL = {http://dx.doi.org/10.1007/978-3-642-17413-1_3},
}


@article{PoteauxRybowicz08,
  title={Towards a symbolic-numeric method to compute {P}uiseux series:
                  the modular part},
  author={A. Poteaux and M. Rybowicz},
  journal={arXiv preprint arXiv:0803.3027},
  year={2008}
}

@book {abhyankar,
    AUTHOR = {Abhyankar, S. S.},
     TITLE = {Algebraic geometry for scientists and engineers},
    SERIES = {Mathematical Surveys and Monographs},
    VOLUME = {35},
 PUBLISHER = {American Mathematical Society, Providence, RI},
      YEAR = {1990},
     PAGES = {xiv+295},
      ISBN = {0-8218-1535-0},
   MRCLASS = {14-01 (00A06)},
  MRNUMBER = {1075991 (92a:14001)},
MRREVIEWER = {Er Jian Xiao},
       DOI = {10.1090/surv/035},
       URL = {http://dx.doi.org/10.1090/surv/035},
}


@article {dvh1,
    AUTHOR = {Deconinck, B. and van Hoeij, M.},
     TITLE = {Computing {R}iemann matrices of algebraic curves},
      NOTE = {Advances in nonlinear mathematics and science},
   JOURNAL = {Phys. D},
  FJOURNAL = {Physica D. Nonlinear Phenomena},
    VOLUME = {152/153},
      YEAR = {2001},
     PAGES = {28--46},
      ISSN = {0167-2789},
     CODEN = {PDNPDT},
   MRCLASS = {30-04 (14H42 14H70 30F30 35B10 35Q53)},
  MRNUMBER = {1837895 (2002j:30001)},
MRREVIEWER = {John B. Little},
       DOI = {10.1016/S0167-2789(01)00156-7},
       URL = {http://dx.doi.org/10.1016/S0167-2789(01)00156-7},
}

@article {DHBvHS03,
    AUTHOR = {Deconinck, B. and Heil, M. and Bobenko, A.
              and van Hoeij, M. and Schmies, M.},
     TITLE = {Computing {R}iemann theta functions},
   JOURNAL = {Math. Comp.},
  FJOURNAL = {Mathematics of Computation},
    VOLUME = {73},
      YEAR = {2004},
    NUMBER = {247},
     PAGES = {1417--1442},
      ISSN = {0025-5718},
     CODEN = {MCMPAF},
   MRCLASS = {65D20 (14K25 30E10 33F05)},
  MRNUMBER = {2047094 (2005c:65015)},
MRREVIEWER = {Mikhailo M. Pahirya},
       DOI = {10.1090/S0025-5718-03-01609-0},
       URL = {http://dx.doi.org/10.1090/S0025-5718-03-01609-0},
}

@phdthesis{Deconinck98,
  author={B. Deconinck},
  title={The initial-value problem for multiphase solutions of the Kadomtsev-Petviashvili equation},
  year={1998},
  school={University of Colorado}
}

@article {DS98,
    AUTHOR = {Deconinck, B. and Segur, H.},
     TITLE = {The {KP} equation with quasiperiodic initial data},
      NOTE = {Nonlinear waves and solitons in physical systems (Los Alamos,
              NM, 1997)},
   JOURNAL = {Phys. D},
  FJOURNAL = {Physica D. Nonlinear Phenomena},
    VOLUME = {123},
      YEAR = {1998},
    NUMBER = {1-4},
     PAGES = {123--152},
      ISSN = {0167-2789},
     CODEN = {PDNPDT},
   MRCLASS = {35Q53 (14H42 35B15 35C05 58F07)},
  MRNUMBER = {1664932 (99m:35203)},
MRREVIEWER = {Pavel Krej{\v{c}}{\'{\i}}},
       DOI = {10.1016/S0167-2789(98)00117-1},
       URL = {http://dx.doi.org/10.1016/S0167-2789(98)00117-1},
}

@book {AC91,
    AUTHOR = {Ablowitz, M. J. and Clarkson, P. A.},
     TITLE = {Solitons, nonlinear evolution equations and inverse
              scattering},
    SERIES = {London Mathematical Society Lecture Note Series},
    VOLUME = {149},
 PUBLISHER = {Cambridge University Press, Cambridge},
      YEAR = {1991},
     PAGES = {xii+516},
      ISBN = {0-521-38730-2},
   MRCLASS = {35Qxx (35-02 35P25 58F07 81T13)},
  MRNUMBER = {1149378 (93g:35108)},
MRREVIEWER = {Walter Oevel},
       DOI = {10.1017/CBO9780511623998},
       URL = {http://dx.doi.org/10.1017/CBO9780511623998},
}

@book {AS81,
    AUTHOR = {Ablowitz, M. J. and Segur, H.},
     TITLE = {Solitons and the inverse scattering transform},
    SERIES = {SIAM Studies in Applied Mathematics},
    VOLUME = {4},
 PUBLISHER = {Society for Industrial and Applied Mathematics (SIAM),
              Philadelphia, Pa.},
      YEAR = {1981},
     PAGES = {x+425},
      ISBN = {0-89871-174-6},
   MRCLASS = {35Q20 (00A69 34Bxx 58A15 58F07 76B25 81C05)},
  MRNUMBER = {642018 (84a:35251)},
MRREVIEWER = {Benno Fuchssteiner},
}

@incollection {Fordy90,
    AUTHOR = {Fordy, A. P.},
     TITLE = {Soliton theory: a brief synopsis},
 BOOKTITLE = {Soliton theory: a survey of results},
    SERIES = {Nonlinear Sci. Theory Appl.},
     PAGES = {3--22},
 PUBLISHER = {Manchester Univ. Press, Manchester},
      YEAR = {1990},
   MRCLASS = {58F07 (35Q51 58-03)},
  MRNUMBER = {1090584},
}

@article {HeltonVinnikov07,
    AUTHOR = {Helton, J. W. and Vinnikov, V.},
     TITLE = {Linear matrix inequality representation of sets},
   JOURNAL = {Comm. Pure Appl. Math.},
  FJOURNAL = {Communications on Pure and Applied Mathematics},
    VOLUME = {60},
      YEAR = {2007},
    NUMBER = {5},
     PAGES = {654--674},
      ISSN = {0010-3640},
     CODEN = {CPAMA},
   MRCLASS = {93B40 (15A39 52A20)},
  MRNUMBER = {2292953 (2009a:93050)},
MRREVIEWER = {Driss Mentagui},
       DOI = {10.1002/cpa.20155},
       URL = {http://dx.doi.org/10.1002/cpa.20155},
}

@article {Quarez12,
    AUTHOR = {Quarez, R.},
     TITLE = {Symmetric determinantal representation of polynomials},
   JOURNAL = {Linear Algebra Appl.},
  FJOURNAL = {Linear Algebra and its Applications},
    VOLUME = {436},
      YEAR = {2012},
    NUMBER = {9},
     PAGES = {3642--3660},
      ISSN = {0024-3795},
     CODEN = {LAAPAW},
   MRCLASS = {12D99 (15A15 15A22)},
  MRNUMBER = {2900742},
MRREVIEWER = {Doru {\c{S}}tef{\u{a}}nescu},
       DOI = {10.1016/j.laa.2012.01.004},
       URL = {http://dx.doi.org/10.1016/j.laa.2012.01.004},
}


@book {Baker97,
    AUTHOR = {Baker, H. F.},
     TITLE = {Abelian functions},
    SERIES = {Cambridge Mathematical Library},
      NOTE = {Abel's theorem and the allied theory of theta functions,
              Reprint of the 1897 original,
              With a foreword by Igor Krichever},
 PUBLISHER = {Cambridge University Press, Cambridge},
      YEAR = {1995},
     PAGES = {xxxvi+684},
      ISBN = {0-521-49877-5},
   MRCLASS = {14H42 (14H40 14H55 30F10 33E05)},
  MRNUMBER = {1386644 (97b:14038)},
MRREVIEWER = {John B. Little},
}

@article {Shiota86,
    AUTHOR = {Shiota, T.},
     TITLE = {Characterization of {J}acobian varieties in terms of soliton
              equations},
   JOURNAL = {Invent. Math.},
  FJOURNAL = {Inventiones Mathematicae},
    VOLUME = {83},
      YEAR = {1986},
    NUMBER = {2},
     PAGES = {333--382},
      ISSN = {0020-9910},
     CODEN = {INVMBH},
   MRCLASS = {14H40 (58F07)},
  MRNUMBER = {818357 (87j:14047)},
MRREVIEWER = {Bert van Geemen},
       DOI = {10.1007/BF01388967},
       URL = {http://dx.doi.org/10.1007/BF01388967},
}


@article{Krichever77,
  author  = "I. Krichever",
  title   = "Integration of nonlinear equations by the methods of algebraic geometry",
  journal = "Functional Analysis and its Applications",
  year    = "1977",
  volume  = "11",
  number  = "1",
  pages   = "12--26",
}

@incollection{Krichever93,
year={1993},
isbn={978-3-642-63450-5},
booktitle={Important Developments in Soliton Theory},
series={Springer Series in Nonlinear Dynamics},
editor={A. Fokas and V. Zakharov},
doi={10.1007/978-3-642-58045-1_8},
title={The Cauchy Problem for Doubly Periodic Solutions of KP-II Equation},
url={http://dx.doi.org/10.1007/978-3-642-58045-1_8},
publisher={Springer Berlin},
address={Heidelberg},
author={I. Krichever},
pages={123-146},
language={English}
}


@misc{Dolgachev03,
  author  = "I. Dolgachev",
  title   = "Topics in Classical Algebraic Geometry",
  note    = "Lecture notes, posted at www.math.lsa.umich.edu/idolga",
}

@book {MumfordI07,
    AUTHOR = {Mumford, D.},
     TITLE = {Tata lectures on theta. {I}},
    SERIES = {Modern Birkh\"auser Classics},
      NOTE = {With the collaboration of C. Musili, M. Nori, E. Previato and
              M. Stillman,
              Reprint of the 1983 edition},
 PUBLISHER = {Birkh\"auser Boston, Inc., Boston, MA},
      YEAR = {2007},
     PAGES = {xiv+235},
      ISBN = {978-0-8176-4572-4; 0-8176-4572-1},
   MRCLASS = {14K25 (11E45 11G10 14C30)},
  MRNUMBER = {2352717 (2008h:14042)},
       DOI = {10.1007/978-0-8176-4578-6},
       URL = {http://dx.doi.org/10.1007/978-0-8176-4578-6},
}

@book {MumfordII07,
    AUTHOR = {Mumford, D.},
     TITLE = {Tata lectures on theta. {II}},
    SERIES = {Modern Birkh\"auser Classics},
      NOTE = {Jacobian theta functions and differential equations,
              With the collaboration of C. Musili, M. Nori, E. Previato, M.
              Stillman and H. Umemura,
              Reprint of the 1984 original},
 PUBLISHER = {Birkh\"auser Boston, Inc., Boston, MA},
      YEAR = {2007},
     PAGES = {xiv+272},
      ISBN = {978-0-8176-4569-4; 0-8176-4569-1},
   MRCLASS = {14K25 (14H40 32G20)},
  MRNUMBER = {2307768 (2007k:14087)},
       DOI = {10.1007/978-0-8176-4578-6},
       URL = {http://dx.doi.org/10.1007/978-0-8176-4578-6},
}

@book {MumfordIII07,
    AUTHOR = {Mumford, D.},
     TITLE = {Tata lectures on theta. {III}},
    SERIES = {Modern Birkh\"auser Classics},
      NOTE = {With collaboration of Madhav Nori and Peter Norman,
              Reprint of the 1991 original},
 PUBLISHER = {Birkh\"auser Boston, Inc., Boston, MA},
      YEAR = {2007},
     PAGES = {viii+202},
      ISBN = {978-0-8176-4570-0; 0-8176-4570-5},
   MRCLASS = {14K25 (11F27 14K05 22D10)},
  MRNUMBER = {2307769 (2007k:14088)},
       DOI = {10.1007/978-0-8176-4578-6},
       URL = {http://dx.doi.org/10.1007/978-0-8176-4578-6},
}

@article {PocchiolaVegter93,
    AUTHOR = {Pocchiola, M. and Vegter, G.},
     TITLE = {The visibility complex},
      NOTE = {ACM Symposium on Computational Geometry (San Diego, CA, 1993)},
   JOURNAL = {Internat. J. Comput. Geom. Appl.},
  FJOURNAL = {International Journal of Computational Geometry \&
              Applications},
    VOLUME = {6},
      YEAR = {1996},
    NUMBER = {3},
     PAGES = {279--308},
      ISSN = {0218-1959},
   MRCLASS = {68U05},
  MRNUMBER = {1409648 (97i:68205)},
MRREVIEWER = {Ruth Silverman},
       DOI = {10.1142/S0218195996000204},
       URL = {http://dx.doi.org/10.1142/S0218195996000204},
}


@article {BobenkoBordag89,
   AUTHOR = {Bobenko, A. I. and Bordag, L. A.},
   TITLE  = {Periodic multiphase solutions of the {K}adomsev-{P}etviashvili
             equation},
   JOURNAL = {J. Phys. A},
  FJOURNAL = {Journal of Physics. A. Mathematical and General},
    VOLUME = {22},
      YEAR = {1989},
    NUMBER = {9},
     PAGES = {1259--1274},
      ISSN = {0305-4470},
     CODEN = {JPHAC5},
   MRCLASS = {35Q20 (35B10)},
  MRNUMBER = {994366 (90i:35228)},
MRREVIEWER = {David J. Kaup},
       URL = {http://stacks.iop.org/0305-4470/22/1259},
}


@book {belokolos,
   AUTHOR = {E. Belokolos and A. Bobenko and V. Enol'skii and A. Its and
                  V. Matveev},
    TITLE = {Algebro-geometric approach to nonlinear integrable problems},
   SERIES = {Springer Series in Nonlinear Dynamics},
PUBLISHER = {Springer Berlin},
  ADDRESS = {Heidelberg},
     YEAR = {1994},
    PAGES = {xii+337}
}

@article{Riemann76,
  author  = {G. Riemann},
  title   = {Zur Theorie der {A}belschen Funktionen f\"{u}r den Fall $p=3$},
  address = {Werke, Leipzig},
  year    = {1876},
  pages   = {466--472},
}

@book {Griffiths89,
    AUTHOR = {Griffiths, P. A.},
     TITLE = {Introduction to algebraic curves},
    SERIES = {Translations of Mathematical Monographs},
    VOLUME = {76},
      NOTE = {Translated from the Chinese by Kuniko Weltin},
 PUBLISHER = {American Mathematical Society, Providence, RI},
      YEAR = {1989},
     PAGES = {x+221},
      ISBN = {0-8218-4530-6},
   MRCLASS = {14Hxx (14-01 14H10 30F10)},
  MRNUMBER = {1013999 (90i:14028)},
MRREVIEWER = {Werner Kleinert},
}

@book {Ueno97,
    AUTHOR = {Ueno, K.},
     TITLE = {An introduction to algebraic geometry},
    SERIES = {Translations of Mathematical Monographs},
    VOLUME = {166},
      NOTE = {Translated from the 1995 Japanese original by Katsumi Nomizu},
 PUBLISHER = {American Mathematical Society, Providence, RI},
      YEAR = {1997},
     PAGES = {xii+246},
      ISBN = {0-8218-0589-4},
   MRCLASS = {14-01},
  MRNUMBER = {1454617 (98i:14002)},
MRREVIEWER = {Gary P. Kennedy},
}


@article{Noether83,
  title={Rationale Ausf\"{u}hrungen der Operationen in der Theorie der algebraischen Funktionen},
  author={M. Noether},
  journal={Math. Ann.},
  year={1983},
  volume={23},
  pages={311--358}
}

@book{Brieskorn86,
  title={Plane Algebraic Curves},
  author={E. Brieskorn and H. Kn{\"o}rrer},
  isbn={9783034850995},
  year={1986},
  publisher={Birkh{\"a}user Basel}
}

@book {FarkasKra92,
    AUTHOR = {Farkas, H. M. and Kra, I.},
     TITLE = {Riemann surfaces},
    SERIES = {Graduate Texts in Mathematics},
    VOLUME = {71},
   EDITION = {Second},
 PUBLISHER = {Springer-Verlag, New York},
      YEAR = {1992},
     PAGES = {xvi+363},
      ISBN = {0-387-97703-1},
   MRCLASS = {30Fxx (14-01 14H55)},
  MRNUMBER = {1139765 (93a:30047)},
       DOI = {10.1007/978-1-4612-2034-3},
       URL = {http://dx.doi.org/10.1007/978-1-4612-2034-3},
}


@book {Springer57,
    AUTHOR = {Springer, G.},
     TITLE = {Introduction to {R}iemann surfaces},
 PUBLISHER = {Addison-Wesley Publishing Company, Inc., Reading, Mass.},
      YEAR = {1957},
     PAGES = {viii+307},
   MRCLASS = {30.0X},
  MRNUMBER = {0092855 (19,1169g)},
MRREVIEWER = {L. Sario},
}

@article {Mnuk97,
    AUTHOR = {M{\v{n}}uk, M.},
     TITLE = {An algebraic approach to computing adjoint curves},
      NOTE = {Parametric algebraic curves and applications (Albuquerque, NM,
              1995)},
   JOURNAL = {J. Symbolic Comput.},
  FJOURNAL = {Journal of Symbolic Computation},
    VOLUME = {23},
      YEAR = {1997},
    NUMBER = {2-3},
     PAGES = {229--240},
      ISSN = {0747-7171},
   MRCLASS = {14Q05 (14B05 14H20)},
  MRNUMBER = {1448696 (98f:14049)},
MRREVIEWER = {K. Kiyek},
       DOI = {10.1006/jsco.1996.0085},
       URL = {http://dx.doi.org/10.1006/jsco.1996.0085},
}

@article {vanHoeij94,
    AUTHOR = {van Hoeij, M.},
     TITLE = {An algorithm for computing an integral basis in an algebraic
              function field},
   JOURNAL = {J. Symbolic Comput.},
  FJOURNAL = {Journal of Symbolic Computation},
    VOLUME = {18},
      YEAR = {1994},
    NUMBER = {4},
     PAGES = {353--363},
      ISSN = {0747-7171},
   MRCLASS = {11Y16 (11R58 68Q40)},
  MRNUMBER = {1324494 (96e:11166)},
MRREVIEWER = {Juraj Kostra},
       DOI = {10.1006/jsco.1994.1051},
       URL = {http://dx.doi.org/10.1006/jsco.1994.1051},
}


@incollection {TretkoffTretkoff84,
    AUTHOR = {Tretkoff, C. L. and Tretkoff, M. D.},
     TITLE = {Combinatorial group theory, {R}iemann surfaces and
              differential equations},
 BOOKTITLE = {Contributions to group theory},
    SERIES = {Contemp. Math.},
    VOLUME = {33},
     PAGES = {467--519},
 PUBLISHER = {Amer. Math. Soc., Providence, RI},
      YEAR = {1984},
   MRCLASS = {30F10 (12H05 20D60 20G20 22E40 34A99)},
  MRNUMBER = {767125 (86g:30055)},
MRREVIEWER = {William Harvey},
       DOI = {10.1090/conm/033/767125},
       URL = {http://dx.doi.org/10.1090/conm/033/767125},
}


@article {Duval89,
    AUTHOR = {Duval, D.},
     TITLE = {Rational {P}uiseux expansions},
   JOURNAL = {Compositio Math.},
  FJOURNAL = {Compositio Mathematica},
    VOLUME = {70},
      YEAR = {1989},
    NUMBER = {2},
     PAGES = {119--154},
      ISSN = {0010-437X},
     CODEN = {CMPMAF},
   MRCLASS = {14B05 (12-04 12E99)},
  MRNUMBER = {996324 (90c:14001)},
MRREVIEWER = {Sherwood Washburn},
       URL = {http://www.numdam.org/item?id=CM_1989__70_2_119_0},
}

@article {HauensteinSottile10,
    AUTHOR = {Hauenstein, J. D. and Sottile, F.},
     TITLE = {Algorithm 921: alpha{C}ertified: certifying solutions to
              polynomial systems},
   JOURNAL = {ACM Trans. Math. Software},
  FJOURNAL = {Association for Computing Machinery. Transactions on
              Mathematical Software},
    VOLUME = {38},
      YEAR = {2012},
    NUMBER = {4},
     PAGES = {Art. ID 28, 20},
      ISSN = {0098-3500},
     CODEN = {ACMSCU},
   MRCLASS = {65Hxx},
  MRNUMBER = {2972672},
       DOI = {10.1145/2331130.2331136},
       URL = {http://dx.doi.org/10.1145/2331130.2331136},
}


@article {FKS12,
    AUTHOR = {Frauendiener, J. and Klein, C. and Shramchenko,
              V.},
     TITLE = {Efficient computation of the branching structure of an
              algebraic curve},
   JOURNAL = {Comput. Methods Funct. Theory},
  FJOURNAL = {Computational Methods and Function Theory},
    VOLUME = {11},
      YEAR = {2011},
    NUMBER = {2},
     PAGES = {527--546},
      ISSN = {1617-9447},
   MRCLASS = {14Q05},
  MRNUMBER = {2858960},
MRREVIEWER = {Juana Sendra},
       DOI = {10.1007/BF03321874},
       URL = {http://dx.doi.org/10.1007/BF03321874},
}



@incollection{Mumford99,
year={1999},
isbn={978-3-540-63293-1},
booktitle={The Red Book of Varieties and Schemes},
volume={1358},
series={Lecture Notes in Mathematics},
doi={10.1007/978-3-540-46021-3_4},
title={Appendix: Curves and Their Jacobians},
url={http://dx.doi.org/10.1007/978-3-540-46021-3_4},
publisher={Springer Berlin},
address={Heidelberg},
author={D. Mumord},
pages={225-291}
}


@misc{wiki:Romberg,
      title = {Romberg's method},
      month = {March},
      year = {2014},
      howpublished = "\url{http://en.wikipedia.org/wiki/Romberg's_method}",
      note = "[Online; accessed 11-March-2014]"
}